@inproceedings{Castelluccia:2009:DSA:1653662.1653711,
	author = {Castelluccia, Claude and Francillon, Aur{\'e}lien and Perito, Daniele and Soriente, Claudio},
	title = {On the Difficulty of Software-based Attestation of Embedded Devices},
	booktitle = {Proceedings of the 16th ACM Conference on Computer and Communications Security},
	series = {CCS '09},
	year = {2009},
	isbn = {978-1-60558-894-0},
	location = {Chicago, Illinois, USA},
	pages = {400--409},
	numpages = {10},
	url = {http://doi.acm.org/10.1145/1653662.1653711},
	doi = {10.1145/1653662.1653711},
	acmid = {1653711},
	publisher = {ACM},
	address = {New York, NY, USA},
	keywords = {code compression, embedded systems, indisputable code execution, return-oriented programming, software-based attestation, swatt, wireless sensor networks},
} 


@article{nosoftwareattestation,
	author = {Kovah, Xeno and Kallenberg, Corey and Weathers, Chris and Herzog, Amy and Albin, Matthew and Butterworth, John},
	year = {2012},
	month = {05},
	pages = {239-253},
	title = {New Results for Timing-Based Attestation},
	booktitle = {Proceedings - IEEE Symposium on Security and Privacy}
}

@article{minimalistaproacRA,
	author = {Francillon, Aurelien and Nguyen, Quan and B. Rasmussen, Kasper and Tsudik, Gene},
	year = {2014},
	month = {01},
	pages = {1-6},
	title = {A minimalist approach to Remote Attestation},
	isbn = {9783981537024}
}

@article{smart,
	author = {Eldefrawy, Karim and Perito, Daniele and Tsudik, Gene},
	year = {2012},
	month = {01},
	pages = {},
	title = {SMART: Secure and Minimal Architecture for (Establishing a Dynamic) Root of Trust}
}

@article{novo,
	author = {Karim Eldefrawy, Ivan O. Nunes, Norrathep Rattanavipanon, Michael Steiner, Gene Tsudik},
	year = {2018},
	month = {01},
	pages = {},
	title = {Formally Verified Hardware/Software Co-Design
	for Remote Attestation}
}


@Misc{open,
	Title  = "\emph{openMSP430}",
	Note   = "\url{https://opencores.org/project/openmsp430}
	[Accessed: August 2018]",
	year = 2018,
}

@Misc{legup,
	Title  = "\emph{LegUp High-Level Synthesis}",
	Note   = "\url{http://legup.eecg.utoronto.ca/}
	[Accessed: September 2018]",
	year = 2018,
}


@Misc{gartner,
	authos  = "Gartner",
	Note   = "\url{https://www.gartner.com/en/newsroom/press-releases/2017-02-07-gartner-says-8-billion-connected-things-will-be-in-use-in-2017-up-31-percent-from-2016},
	[Accessed: August 2018]",
	year = 2018,
}

@Misc{rfcsha256,
	Title  = "\emph{RFC6234 - US Secure Hash Algorithms}",
	Note   = "\url{https://tools.ietf.org/html/rfc6234}
	[Accessed: September 2018]",
	year = 2018,
}


@Misc{hash,
	Title  = "\emph{Hardware implementation of the SHA-256 cryptographic hash function}",
	authos  = "Joachim Strombergson",
	Note   = "\url{https://github.com/secworks/sha256}
	[Accessed: September 2018]",
	year = 2018,
}


@Misc{dcm,
	Title  = "\emph{Spartan-6 FPGA Clocking Resources}",
	authos  = "Xilinx",
	Note   = "\url{https://www.xilinx.com/support/documentation/user_guides/ug382.pdf}
	[Accessed: September 2018]",
	year = 2018,
}

@inproceedings{tlite,
	author = {Koeberl, Patrick and Schulz, Steffen and Sadeghi, Ahmad-Reza and Varadharajan, Vijay},
	title = {TrustLite: A Security Architecture for Tiny Embedded Devices},
	booktitle = {Proceedings of the Ninth European Conference on Computer Systems},
	series = {EuroSys '14},
	year = {2014},
	isbn = {978-1-4503-2704-6},
	location = {Amsterdam, The Netherlands},
	pages = {10:1--10:14},
	articleno = {10},
	numpages = {14},
	url = {http://doi.acm.org/10.1145/2592798.2592824},
	doi = {10.1145/2592798.2592824},
	acmid = {2592824},
	publisher = {ACM},
	address = {New York, NY, USA},
} 

@article{sancus,
	author = {Noorman, Job and Bulck, Jo Van and M\"{u}hlberg, Jan Tobias and Piessens, Frank and Maene, Pieter and Preneel, Bart and Verbauwhede, Ingrid and G\"{o}tzfried, Johannes and M\"{u}ller, Tilo and Freiling, Felix},
	title = {Sancus 2.0: A Low-Cost Security Architecture for IoT Devices},
	journal = {ACM Trans. Priv. Secur.},
	issue_date = {August 2017},
	volume = {20},
	number = {3},
	month = jul,
	year = {2017},
	issn = {2471-2566},
	pages = {7:1--7:33},
	articleno = {7},
	numpages = {33},
	url = {http://doi.acm.org/10.1145/3079763},
	doi = {10.1145/3079763},
	acmid = {3079763},
	publisher = {ACM},
	address = {New York, NY, USA},
	keywords = {Embedded systems security, Protected Module Architectures, Software security engineering, Trusted computing},
} 

@article{dangersha1,
	author = {Stevens, Marc and Bursztein, Elie and Karpman, Pierre and Albertini, Ange and Markov, Yarik},
	year = {2017},
	month = {07},
	pages = {570-596},
	title = {The First Collision for Full SHA-1},
	isbn = {978-3-319-63687-0}
}

@article{assured,
	author = {Asokan, N and Nyman, Thomas and Rattanavipanon, Norrathep and Sadeghi, Ahmad-Reza and Tsudik, Gene},
	year = {2018},
	month = {07},
	pages = {},
	title = {ASSURED: Architecture for Secure Software Update of Realistic Embedded Devices}
}


@unknown{tpm,
	author = {TCG Published},
	year = {2018},
	month = {09},
	pages = {},
	title = {Trusted Platform Module Library - Family 2.0 - Revision 01.38}
}

@article{merda,
	title={Systematic Treatment of Remote Attestation},
	author={Aur{\'e}lien Francillon and Quan Nguyen and Kasper Bonne Rasmussen and Gene Tsudik},
	journal={IACR Cryptology ePrint Archive},
	year={2012},
	volume={2012},
	pages={713}
}

@article{pionner,
	author = {Seshadri, Arvind and Luk, Mark and Shi, Elaine and Perrig, Adrian and van Doorn, Leendert and Khosla, Pradeep},
	title = {Pioneer: Verifying Code Integrity and Enforcing Untampered Code Execution on Legacy Systems},
	journal = {SIGOPS Oper. Syst. Rev.},
	issue_date = {December 2005},
	volume = {39},
	number = {5},
	month = oct,
	year = {2005},
	issn = {0163-5980},
	pages = {1--16},
	numpages = {16},
	url = {http://doi.acm.org/10.1145/1095809.1095812},
	doi = {10.1145/1095809.1095812},
	acmid = {1095812},
	publisher = {ACM},
	address = {New York, NY, USA},
	keywords = {dynamic root of trust, rootkit detection, self-check-summing code, software-based code attestation, verifiable code execution},
} 

@INPROCEEDINGS{generic_timming_bug, 
	author={X. Kovah and C. Kallenberg and C. Weathers and A. Herzog and M. Albin and J. Butterworth}, 
	booktitle={2012 IEEE Symposium on Security and Privacy}, 
	title={New Results for Timing-Based Attestation}, 
	year={2012}, 
	volume={}, 
	number={}, 
	pages={239-253}, 
	keywords={computer crime;enterprise resource planning;protocols;trusted computing;comprehensive timing-based attestation system;enterprise use;system performance;code integrity detects attacks;enterprise network;trusted platform module hardware timing-based attestation protocol;TPM hardware timing-based attestation protocol;real-world settings;TOCTOU;time of check time of use;Protocols;Kernel;Radiation detectors;Coordinate measuring machines;Hardware;Servers;Registers;remote attestation;software-based attestation;timing-based attestation;trusted platform module;TOCTOU attack}, 
	doi={10.1109/SP.2012.45}, 
	ISSN={2375-1207}, 
	month={May},}

@article{SWATT,
	author = {Seshadri, Arvind and Perrig, Adrian and van Doorn, Leendert and Khosla, Pradeep},
	year = {2004},
	month = {04},
	pages = {},
	title = {SWATT: SoftWare-based ATTestation for Embedded Devices}
}

@inproceedings{rop,
	author = {Shacham, Hovav},
	title = {The Geometry of Innocent Flesh on the Bone: Return-into-libc Without Function Calls (on the x86)},
	booktitle = {Proceedings of the 14th ACM Conference on Computer and Communications Security},
	series = {CCS '07},
	year = {2007},
	isbn = {978-1-59593-703-2},
	location = {Alexandria, Virginia, USA},
	pages = {552--561},
	numpages = {10},
	url = {http://doi.acm.org/10.1145/1315245.1315313},
	doi = {10.1145/1315245.1315313},
	acmid = {1315313},
	publisher = {ACM},
	address = {New York, NY, USA},
	keywords = {instruction set, return-into-libc, turing completeness},
} 

@article{attacks,
	author = {Sadeghi, A.-R and Wachsmann, Christian and Waidner, Michael},
	year = {2015},
	month = {07},
	pages = {},
	title = {Security and privacy challenges in industrial Internet of Things},
	volume = {2015},
	doi = {10.1145/2744769.2747942}
}
